<record><leader>00000cas a22000007a 4500</leader><controlfield tag="001">34790494</controlfield><controlfield tag="008">960525d19041907okuwr n       0    0eng d</controlfield><datafield ind1=" " ind2=" " tag="010"><subfield code="a">sn 96087816 </subfield></datafield><datafield ind1=" " ind2=" " tag="040"><subfield code="a">OBN</subfield><subfield code="b">eng</subfield><subfield code="c">OBN</subfield><subfield code="d">OCLCQ</subfield><subfield code="d">OCLCF</subfield><subfield code="d">OCLCO</subfield></datafield><datafield ind1="1" ind2=" " tag="029"><subfield code="a">AU@</subfield><subfield code="b">000025922333</subfield></datafield><datafield ind1=" " ind2=" " tag="042"><subfield code="a">msc</subfield></datafield><datafield ind1=" " ind2=" " tag="043"><subfield code="a">n-us-ok</subfield></datafield><datafield ind1="0" ind2=" " tag="130"><subfield code="a">Lawton constitution (Weekly : 1904)</subfield></datafield><datafield ind1="1" ind2="4" tag="245"><subfield code="a">The Lawton constitution.</subfield></datafield><datafield ind1="3" ind2=" " tag="246"><subfield code="a">Lawton constitution weekly edition</subfield></datafield><datafield ind1=" " ind2=" " tag="260"><subfield code="a">Lawton, Okla. :</subfield><subfield code="b">Constitution Co.</subfield></datafield><datafield ind1=" " ind2=" " tag="300"><subfield code="a">v.</subfield></datafield><datafield ind1=" " ind2=" " tag="310"><subfield code="a">Weekly</subfield></datafield><datafield ind1="0" ind2=" " tag="362"><subfield code="a">Vol. 2, no. 2 (May 12, 1904)-v. 5, no. 2 (Apr. 18, 1907).</subfield></datafield><datafield ind1=" " ind2=" " tag="500"><subfield code="a">"Successor to the Elgin Eagle."</subfield></datafield><datafield ind1=" " ind2="0" tag="651"><subfield code="a">Lawton (Okla.)</subfield><subfield code="v">Newspapers.</subfield></datafield><datafield ind1=" " ind2="0" tag="651"><subfield code="a">Comanche County (Okla.)</subfield><subfield code="v">Newspapers.</subfield></datafield><datafield ind1=" " ind2="7" tag="655"><subfield code="a">Newspapers.</subfield><subfield code="2">fast</subfield><subfield code="0">(OCoLC)fst01423814</subfield></datafield><datafield ind1=" " ind2="7" tag="651"><subfield code="a">Oklahoma</subfield><subfield code="z">Comanche County.</subfield><subfield code="2">fast</subfield><subfield code="0">(OCoLC)fst01218116</subfield></datafield><datafield ind1=" " ind2="7" tag="651"><subfield code="a">Oklahoma</subfield><subfield code="z">Lawton.</subfield><subfield code="2">fast</subfield><subfield code="0">(OCoLC)fst01217418</subfield></datafield><datafield ind1=" " ind2=" " tag="752"><subfield code="a">United States</subfield><subfield code="b">Oklahoma</subfield><subfield code="c">Comanche</subfield><subfield code="d">Lawton.</subfield></datafield><datafield ind1="0" ind2=" " tag="775"><subfield code="t">Lawton constitution (Daily : 1904)</subfield><subfield code="w">(DLC)sn 96087817</subfield><subfield code="w">(OCoLC)34790505</subfield></datafield><datafield ind1="0" ind2="0" tag="780"><subfield code="t">Elgin eagle</subfield></datafield><datafield ind1="0" ind2="7" tag="785"><subfield code="t">Weekly state democrat (Lawton, Okla.)</subfield><subfield code="w">(DLC)sn 96087815</subfield><subfield code="w">(OCoLC)34790473</subfield></datafield><datafield ind1="0" ind2="7" tag="785"><subfield code="t">Lawton constitution-state democrat</subfield><subfield code="w">(DLC)sn 96087818</subfield><subfield code="w">(OCoLC)34790522</subfield></datafield></record>